<record><leader>00000cas a22000007a 4500</leader><controlfield tag="001">10719684</controlfield><controlfield tag="008">840511d18281829nhuwr ne      0    0eng d</controlfield><controlfield tag="009">330</controlfield><datafield ind1=" " ind2=" " tag="010"><subfield code="a">sn 84023053 </subfield></datafield><datafield ind1=" " ind2=" " tag="040"><subfield code="a">AQM</subfield><subfield code="b">eng</subfield><subfield code="c">AQM</subfield><subfield code="d">DLC</subfield><subfield code="d">OCLCF</subfield></datafield><datafield ind1="1" ind2=" " tag="029"><subfield code="a">AU@</subfield><subfield code="b">000025819589</subfield></datafield><datafield ind1=" " ind2=" " tag="042"><subfield code="a">msc</subfield></datafield><datafield ind1=" " ind2=" " tag="043"><subfield code="a">n-us-nh</subfield></datafield><datafield ind1="0" ind2="0" tag="050"><subfield code="a">Newspaper</subfield></datafield><datafield ind1="0" ind2="4" tag="245"><subfield code="a">The Times &amp; Dover enquirer.</subfield></datafield><datafield ind1="1" ind2="0" tag="246"><subfield code="a">Times and Dover enquirer</subfield></datafield><datafield ind1=" " ind2=" " tag="260"><subfield code="a">Dover, N.H. :</subfield><subfield code="b">George W. Ela,</subfield><subfield code="c">1828-1829.</subfield></datafield><datafield ind1=" " ind2=" " tag="300"><subfield code="a">2 v. :</subfield><subfield code="b">ill. (chiefly advertisements) ;</subfield><subfield code="c">55 cm.</subfield></datafield><datafield ind1=" " ind2=" " tag="310"><subfield code="a">Weekly</subfield></datafield><datafield ind1="0" ind2=" " tag="362"><subfield code="a">Vol. 2, no. 23 (Dec. 2, 1828)-v. 3, no. 27 (Dec. 29, 1829).</subfield></datafield><datafield ind1=" " ind2="0" tag="651"><subfield code="a">Dover (N.H.)</subfield><subfield code="v">Newspapers.</subfield></datafield><datafield ind1=" " ind2="7" tag="655"><subfield code="a">Newspapers.</subfield><subfield code="2">rbgenr</subfield></datafield><datafield ind1=" " ind2="7" tag="655"><subfield code="a">Newspapers.</subfield><subfield code="2">fast</subfield><subfield code="0">(OCoLC)fst01423814</subfield></datafield><datafield ind1=" " ind2="7" tag="651"><subfield code="a">New Hampshire</subfield><subfield code="z">Dover.</subfield><subfield code="2">fast</subfield><subfield code="0">(OCoLC)fst01210485</subfield></datafield><datafield ind1=" " ind2=" " tag="752"><subfield code="a">United States</subfield><subfield code="b">New Hampshire</subfield><subfield code="c">Strafford</subfield><subfield code="d">Dover.</subfield></datafield><datafield ind1="0" ind2="4" tag="780"><subfield code="t">Times (Portsmouth, N.H.)</subfield><subfield code="w">(DLC)sn 84023335</subfield><subfield code="w">(OCoLC)10828627</subfield></datafield><datafield ind1="0" ind2="4" tag="780"><subfield code="t">Strafford inquirer</subfield><subfield code="w">(DLC)sn 84023052</subfield><subfield code="w">(OCoLC)10719632</subfield></datafield><datafield ind1="0" ind2="0" tag="785"><subfield code="t">Dover enquirer</subfield><subfield code="w">(DLC)sn 84023054</subfield><subfield code="w">(OCoLC)10719719</subfield></datafield></record>